<marcxml:record xmlns:marcxml="http://www.loc.gov/MARC21/slim" xmlns:mets="http://www.loc.gov/METS/" xmlns:bf="http://id.loc.gov/ontologies/bibframe/" xmlns:bflc="http://id.loc.gov/ontologies/bflc/" xmlns:madsrdf="http://www.loc.gov/mads/rdf/v1#" xmlns:rdf="http://www.w3.org/1999/02/22-rdf-syntax-ns#" xmlns:ri="http://id.loc.gov/ontologies/RecordInfo#" xmlns:idx="info:lc/xq-modules/lcindex" xmlns:semtriples="http://marklogic.com/semantic" xmlns:xsi="http://www.w3.org/2001/XMLSchema-instance" xmlns:xlink="http://www.w3.org/1999/xlink" xmlns:streams="info:lc/streams#">
  <marcxml:leader>00902cam a22002774a 4500</marcxml:leader>
  <marcxml:controlfield tag="001">17301018</marcxml:controlfield>
  <marcxml:controlfield tag="005">20121005114934.0</marcxml:controlfield>
  <marcxml:controlfield tag="008">120516s2012    nyu           000 1 eng  </marcxml:controlfield>
  <marcxml:datafield tag="906" ind1=" " ind2=" ">
    <marcxml:subfield code="a">7</marcxml:subfield>
    <marcxml:subfield code="b">cbc</marcxml:subfield>
    <marcxml:subfield code="c">orignew</marcxml:subfield>
    <marcxml:subfield code="d">1</marcxml:subfield>
    <marcxml:subfield code="e">ecip</marcxml:subfield>
    <marcxml:subfield code="f">20</marcxml:subfield>
    <marcxml:subfield code="g">y-gencatlg</marcxml:subfield>
  </marcxml:datafield>
  <marcxml:datafield tag="925" ind1="0" ind2=" ">
    <marcxml:subfield code="a">Acquire</marcxml:subfield>
    <marcxml:subfield code="b">2 shelf copies</marcxml:subfield>
    <marcxml:subfield code="x">policy default</marcxml:subfield>
  </marcxml:datafield>
  <marcxml:datafield tag="955" ind1=" " ind2=" ">
    <marcxml:subfield code="b">rg13 2012-05-16</marcxml:subfield>
    <marcxml:subfield code="i">rg13 2012-05-16 (telework) to DEWEY</marcxml:subfield>
    <marcxml:subfield code="w">rb07 2012-05-16;</marcxml:subfield>
    <marcxml:subfield code="f">rg15 2012-10-03 to CALM</marcxml:subfield>
  </marcxml:datafield>
  <marcxml:datafield tag="010" ind1=" " ind2=" ">
    <marcxml:subfield code="a">  2012019435</marcxml:subfield>
  </marcxml:datafield>
  <marcxml:datafield tag="020" ind1=" " ind2=" ">
    <marcxml:subfield code="a">9780316219365</marcxml:subfield>
  </marcxml:datafield>
  <marcxml:datafield tag="040" ind1=" " ind2=" ">
    <marcxml:subfield code="a">DLC</marcxml:subfield>
    <marcxml:subfield code="c">DLC</marcxml:subfield>
    <marcxml:subfield code="d">DLC</marcxml:subfield>
  </marcxml:datafield>
  <marcxml:datafield tag="042" ind1=" " ind2=" ">
    <marcxml:subfield code="a">pcc</marcxml:subfield>
  </marcxml:datafield>
  <marcxml:datafield tag="043" ind1=" " ind2=" ">
    <marcxml:subfield code="a">a-iq---</marcxml:subfield>
    <marcxml:subfield code="a">n-us---</marcxml:subfield>
  </marcxml:datafield>
  <marcxml:datafield tag="050" ind1="0" ind2="0">
    <marcxml:subfield code="a">PS3616.O88348</marcxml:subfield>
    <marcxml:subfield code="b">Y46 2012</marcxml:subfield>
  </marcxml:datafield>
  <marcxml:datafield tag="082" ind1="0" ind2="0">
    <marcxml:subfield code="a">813/.6</marcxml:subfield>
    <marcxml:subfield code="2">23</marcxml:subfield>
  </marcxml:datafield>
  <marcxml:datafield tag="100" ind1="1" ind2=" ">
    <marcxml:subfield code="a">Powers, Kevin.</marcxml:subfield>
  </marcxml:datafield>
  <marcxml:datafield tag="245" ind1="1" ind2="4">
    <marcxml:subfield code="a">The yellow birds :</marcxml:subfield>
    <marcxml:subfield code="b">a novel /</marcxml:subfield>
    <marcxml:subfield code="c">Kevin Powers.</marcxml:subfield>
  </marcxml:datafield>
  <marcxml:datafield tag="250" ind1=" " ind2=" ">
    <marcxml:subfield code="a">1st ed.</marcxml:subfield>
  </marcxml:datafield>
  <marcxml:datafield tag="260" ind1=" " ind2=" ">
    <marcxml:subfield code="a">New York :</marcxml:subfield>
    <marcxml:subfield code="b">Little, Brown and Co.,</marcxml:subfield>
    <marcxml:subfield code="c">2012.</marcxml:subfield>
  </marcxml:datafield>
  <marcxml:datafield tag="300" ind1=" " ind2=" ">
    <marcxml:subfield code="a">226 p. ;</marcxml:subfield>
    <marcxml:subfield code="c">22 cm.</marcxml:subfield>
  </marcxml:datafield>
  <marcxml:datafield tag="650" ind1=" " ind2="0">
    <marcxml:subfield code="a">Soldiers</marcxml:subfield>
    <marcxml:subfield code="z">United States</marcxml:subfield>
    <marcxml:subfield code="v">Fiction.</marcxml:subfield>
  </marcxml:datafield>
  <marcxml:datafield tag="650" ind1=" " ind2="0">
    <marcxml:subfield code="a">Iraq War, 2003-2011</marcxml:subfield>
    <marcxml:subfield code="v">Fiction.</marcxml:subfield>
  </marcxml:datafield>
  <marcxml:datafield tag="655" ind1=" " ind2="7">
    <marcxml:subfield code="a">War stories.</marcxml:subfield>
    <marcxml:subfield code="2">gsafd</marcxml:subfield>
  </marcxml:datafield>
</marcxml:record>
